<mx:record xmlns="http://www.w3.org/TR/xhtml1/strict" xmlns:mx="http://www.loc.gov/MARC21/slim" xmlns:xsi="http://www.w3.org/2001/XMLSchema-instance"><mx:leader>00000cz   2200000n  4500</mx:leader><mx:controlfield tag="001">oca03592703 </mx:controlfield><mx:controlfield tag="005">20030205150902.0</mx:controlfield><mx:controlfield tag="008">940425n| acannaab           |a aaa      </mx:controlfield><mx:datafield ind1=" " ind2=" " tag="010"><mx:subfield code="a">n  94040175 </mx:subfield></mx:datafield><mx:datafield ind1=" " ind2=" " tag="040"><mx:subfield code="a">DLC</mx:subfield><mx:subfield code="c">DLC</mx:subfield><mx:subfield code="d">DLC</mx:subfield></mx:datafield><mx:datafield ind1="0" ind2=" " tag="100"><mx:subfield code="a">Ptolemy</mx:subfield><mx:subfield code="b">III Euergetes,</mx:subfield><mx:subfield code="c">King of Egypt,</mx:subfield><mx:subfield code="d">d. 221 B.C.</mx:subfield></mx:datafield><mx:datafield ind1="0" ind2=" " tag="400"><mx:subfield code="a">Ptolemaios</mx:subfield><mx:subfield code="b">III Euergetes,</mx:subfield><mx:subfield code="c">King of Egypt,</mx:subfield><mx:subfield code="d">d. 221 B.C.</mx:subfield></mx:datafield><mx:datafield ind1=" " ind2=" " tag="670"><mx:subfield code="a">Untersuchungen zur Aussenpolitik Ptolemaios' III, 1993:</mx:subfield><mx:subfield code="b">t.p. (Ptolemaios III)</mx:subfield></mx:datafield><mx:datafield ind1=" " ind2=" " tag="670"><mx:subfield code="a">Encyc. Brit. microp.</mx:subfield><mx:subfield code="b">(Ptolemy III Euergetes, Macedonian King of Egypt, fl. 246-221 B.C.)</mx:subfield></mx:datafield></mx:record>